<?xml version="1.0" encoding="UTF-8"?><collection xmlns="http://www.loc.gov/MARC21/slim"><record><leader>00357nam--2200121-i-4500</leader><controlfield tag="001">000014476</controlfield><controlfield tag="002">20161230</controlfield><controlfield tag="005">20161230201030</controlfield><controlfield tag="008">060222s1000------------r-----000-0-eng-d</controlfield><datafield ind1=" " ind2=" " tag="080"><subfield code="a">621.382(083.8)</subfield></datafield><datafield ind1=" " ind2=" " tag="245"><subfield code="a">Catalog general scurt. full-line condensed ca talog. componente electronice semiconductoare</subfield></datafield><datafield ind1=" " ind2=" " tag="260"><subfield code="a">Bucuresti, Ccsit., 1983. 182 P</subfield></datafield><datafield ind1=" " ind2=" " tag="852"><subfield code="a">D2128</subfield></datafield></record></collection>